<?xml version="1.0" encoding="UTF-8"?><record xmlns="http://www.loc.gov/MARC21/slim" xmlns:cinclude="http://apache.org/cocoon/include/1.0" xmlns:zs="http://www.loc.gov/zing/srw/">
  <leader>00489cz  a2200121n  4500</leader>
  <controlfield tag="001">n 2012203869</controlfield>
  <controlfield tag="003">DLC</controlfield>
  <controlfield tag="005">20111201075047.0</controlfield>
  <controlfield tag="008">111130n| acannaabn          |n aaa      </controlfield>
  <datafield tag="010" ind1=" " ind2=" ">
    <subfield code="a">n 2012203869</subfield>
  </datafield>
  <datafield tag="040" ind1=" " ind2=" ">
    <subfield code="a">DLC</subfield>
    <subfield code="b">eng</subfield>
    <subfield code="c">DLC</subfield>
  </datafield>
  <datafield tag="100" ind1="1" ind2=" ">
    <subfield code="a">Denis, D. M.</subfield>
  </datafield>
  <datafield tag="670" ind1=" " ind2=" ">
    <subfield code="a">Proceedings of the International Seminar on Water Quality Research to Evaluate the Effects of Agricultural Conservation Practices Utilized in the United States and India, 2010:</subfield>
    <subfield code="b">t.p. (D.M. Denis) p. 205 (dr. asso. prof., VSAET, SHIATS)</subfield>
  </datafield>
</record>